<?xml version="1.0" encoding="UTF-8"?><collection xmlns="http://www.loc.gov/MARC21/slim"><record><leader>00452nam--2200121-i-4500</leader><controlfield tag="001">000046253</controlfield><controlfield tag="002">20161230</controlfield><controlfield tag="005">20161230201045</controlfield><controlfield tag="008">060222s1000------------r-----000-0-eng-d</controlfield><datafield ind1=" " ind2=" " tag="080"><subfield code="a">621.039.543.4.661.879.1</subfield></datafield><datafield ind1=" " ind2=" " tag="245"><subfield code="a">Uranium. production et demande a court terme. janvier 1969. rapport etabliconjointement par l`agence europeenne pour l`energie nucleaire et l`agence internationale de l`energie atomique</subfield></datafield><datafield ind1=" " ind2=" " tag="260"><subfield code="a">Paris, Ocde, 1969, 31p</subfield></datafield><datafield ind1=" " ind2=" " tag="852"><subfield code="a">33939</subfield></datafield></record></collection>